<record><leader>00000cas a22000007a 4500</leader><controlfield tag="001">16639478</controlfield><controlfield tag="008">870903d18801887ohuwr ne      0    0eng d</controlfield><datafield ind1=" " ind2=" " tag="010"><subfield code="a">sn 87075031 </subfield></datafield><datafield ind1=" " ind2=" " tag="040"><subfield code="a">ONP</subfield><subfield code="b">eng</subfield><subfield code="c">ONP</subfield><subfield code="d">OCLCQ</subfield></datafield><datafield ind1=" " ind2=" " tag="042"><subfield code="a">msc</subfield></datafield><datafield ind1="0" ind2="4" tag="245"><subfield code="a">The Corning weekly times.</subfield></datafield><datafield ind1=" " ind2=" " tag="260"><subfield code="a">Corning, Ohio :</subfield><subfield code="b">G.S. Weaver</subfield></datafield><datafield ind1=" " ind2=" " tag="310"><subfield code="a">Weekly</subfield></datafield><datafield ind1="1" ind2=" " tag="362"><subfield code="a">Began in 1880; ceased in 1887?</subfield></datafield><datafield ind1=" " ind2=" " tag="588"><subfield code="a">Description based on: Vol. 7, no. 42 (Oct. 21, 1886).</subfield></datafield><datafield ind1=" " ind2=" " tag="752"><subfield code="a">United States</subfield><subfield code="b">Ohio</subfield><subfield code="c">Perry</subfield><subfield code="d">Corning.</subfield></datafield><datafield ind1="0" ind2="0" tag="785"><subfield code="t">Corning times monitor</subfield><subfield code="w">(DLC)sn 87075032</subfield></datafield></record>